@article{JAZ:4921656,
author = {Walker,A. M.},
title = {Some asymptotic results for the periodogram of a stationary time series},
journal = {Journal of the Australian Mathematical Society},
volume = {5},
issue = {01},
month = {2},
year = {1965},
issn = {1446-8107},
pages = {107--128},
numpages = {22},
doi = {10.1017/S1446788700025921},
URL = {http://journals.cambridge.org/article_S1446788700025921},
}


@book{brockwell2002introduction,
  title={Introduction to time series and forecasting},
  author={Brockwell, Peter J and Davis, Richard A},
  year={2002},
  publisher={Taylor \& Francis US}
}

@book{conover1998practical,
   title = "Practical nonparametric statistics",
   author = "Conover, William J",
   publisher = "Wiley",
   address = "New York, Chichester",
   year = 1998
}


@article{lahiri2003necessary,
  title={A necessary and sufficient condition for asymptotic independence of discrete Fourier transforms under short-and long-range dependence},
  author={Lahiri, SN},
  journal={The Annals of Statistics},
  volume={31},
  number={2},
  pages={613--641},
  year={2003},
  publisher={Institute of Mathematical Statistics}
}

@article{lilliefors1969kolmogorov,
  title={On the Kolmogorov-Smirnov test for the exponential distribution with mean unknown},
  author={Lilliefors, Hubert W},
  journal={Journal of the American Statistical Association},
  volume={64},
  number={325},
  pages={387--389},
  year={1969},
  publisher={Taylor \& Francis Group}
}

@incollection{kolmogorov1992empirical,
  title={On the empirical determination of a distribution function},
  author={Kolmogorov, A},
  booktitle={Breakthroughs in statistics},
  pages={106--113},
  year={1992},
  publisher={Springer}
}