@article{JAZ:4921656,
author = {Walker,A. M.},
title = {Some asymptotic results for the periodogram of a stationary time series},
journal = {Journal of the Australian Mathematical Society},
volume = {5},
issue = {01},
month = {2},
year = {1965},
issn = {1446-8107},
pages = {107--128},
numpages = {22},
doi = {10.1017/S1446788700025921},
URL = {http://journals.cambridge.org/article_S1446788700025921},
}